@misc{prtimes,
  title = "〜いい通勤月間調査第四弾、通勤と遅刻の関係を調査〜 VOL.4：通勤と遅刻の関係〜",
  author= "株式会社ドリル"
}