@misc{monkasho,
  title = "平成13年度教育課程実施状況調査",
  author= "文部科学省"
}

@misc{acha,
  title = "Fall 2015 Reference Group Executive Summary",
  author= "ACHA-NCHA"
}

@misc{kourousho,
  title = "平成30年中における自殺の状況",
  author= "厚生労働省"
}

@misc{benesse,
  title = "小中学生の学びに関する実態調査",
  author= "ベネッセ総合教育研究所"
}

@article{ryan2000self,
  title={Self-determination theory and the facilitation of intrinsic motivation, social development, and well-being.},
  author={Ryan, Richard M and Deci, Edward L},
  journal={American psychologist},
  volume={55},
  number={1},
  pages={68},
  year={2000},
  publisher={American Psychological Association}
}

@article{johnsen2014mixed,
  title={Mixed reality virtual pets to reduce childhood obesity},
  author={Johnsen, Kyle and Ahn, Sun Joo and Moore, James and Brown, Scott and Robertson, Thomas P and Marable, Amanda and Basu, Aryabrata},
  journal={IEEE transactions on visualization and computer graphics},
  volume={20},
  number={4},
  pages={523--530},
  year={2014},
  publisher={IEEE}
}

@inproceedings{lin2006fish,
  title={Fish’n’Steps: Encouraging physical activity with an interactive computer game},
  author={Lin, James J and Mamykina, Lena and Lindtner, Silvia and Delajoux, Gregory and Strub, Henry B},
  booktitle={International conference on ubiquitous computing},
  pages={261--278},
  year={2006},
  organization={Springer}
}

@inproceedings{gustafsson2009power,
  title={Power explorer: a casual game style for encouraging long term behavior change among teenagers},
  author={Gustafsson, Anton and B{\aa}ng, Magnus and Svahn, Mattias},
  booktitle={Proceedings of the International Conference on Advances in Computer Enterntainment Technology},
  pages={182--189},
  year={2009},
  organization={ACM}
}

@article{Chen,
  title={Animal companions: Fostering children's effort-making by nurturing virtual pets},
  author={Chen, Zhi-Hong and Liao, Calvin and Chien, Tzu-Chao and Chan, Tak-Wai},
  journal={British Journal of Educational Technology},
  volume={42},
  number={1},
  pages={166--180},
  year={2011},
  publisher={Wiley Online Library}
}

@article{huizenga2009mobile,
  title={Mobile game-based learning in secondary education: engagement, motivation and learning in a mobile city game},
  author={Huizenga, Jantina and Admiraal, Wilfried and Akkerman, Sanne and Dam, G ten},
  journal={Journal of Computer Assisted Learning},
  volume={25},
  number={4},
  pages={332--344},
  year={2009},
  publisher={Wiley Online Library}
}

@article{otsuki,
  title={対話型電子白板を用いたグループ間の競争による学習を支援する教育ソフトウェアの一例とその効果},
  author={大即洋子 and 坂東宏和 and 加藤直樹 and 中川正樹 and others},
  journal={情報処理学会論文誌},
  volume={44},
  number={6},
  pages={1635--1644},
  year={2003}
}

@article{moller2006self,
  title={Self-determination theory and public policy: Improving the quality of consumer decisions without using coercion},
  author={Moller, Arlen C and Ryan, Richard M and Deci, Edward L},
  journal={Journal of Public Policy \& Marketing},
  volume={25},
  number={1},
  pages={104--116},
  year={2006},
  publisher={SAGE Publications Sage CA: Los Angeles, CA}
}

@inproceedings{shimizu,
  title={他者との比較が運動学習およびモチベーションに与える影響},
  author={冷水誠 and 岡田洋平 and 前岡浩 and 松尾篤 and 森岡周},
  booktitle={理学療法学 Supplement Vol. 42 Suppl. No. 2 (第 50 回日本理学療法学術大会 抄録集)},
  pages={0726},
  year={2015},
  organization={公益社団法人 日本理学療法士協会}
}

@article{hashiba,
  title={他ユーザの記録表示を通じた学習の動機づけ向上},
  author={羽柴彩月 and 佐々木航 and 大越匡 and 中澤仁 and others},
  journal={研究報告ユビキタスコンピューティングシステム (UBI)},
  volume={2018},
  number={5},
  pages={1--7},
  year={2018}
}

@article{hayamizu,
  title={< 原著> 総合人間科の実践による学習動機づけの変化},
  author={速水敏彦 and 田畑治 and 吉田俊和},
  journal={名古屋大學教育學部紀要. 教育心理学科},
  volume={43},
  pages={23--35},
  year={1996},
  publisher={名古屋大学}
}

@misc{back4app,
  title="Back4App",
  author={Back4App, Inc},
  howpublished={https://www.back4app.com}
}

@misc{apple,
  title="UIApplicationProtectedDataDidBecomeAvailable - UIKit | Apple Developer Documentation",
  author={Apple Inc},
  howpublished={https://developer.apple.com/documentation/uikit/uiapplicationprotecteddatadidbecomeavailable?language=objc}
}

@misc{appStore,
  title="App Store",
  author={Apple Inc},
  howpublished={https://www.apple.com/ios/app-store}
}

@misc{googlePlay,
  title="Android Apps on Google Play",
  author={Google},
  howpublished={https://play.google.com/store/apps}
}